@ONLINE {sslpulse.2020,
    author = "Qualys, Inc.",
    title  = "SSL Pulse",
    month  = "nov",
    year   = "2020",
    url    = "https://www.ssllabs.com/ssl-pulse/"
}

@article{shor21,
  doi = {10.1038/nphoton.2012.259},
  url = {https://doi.org/10.1038/nphoton.2012.259},
  year = {2012},
  month = oct,
  publisher = {Springer Science and Business Media {LLC}},
  volume = {6},
  number = {11},
  pages = {773--776},
  author = {Enrique Mart{\'{\i}}n-L{\'{o}}pez and Anthony Laing and Thomas Lawson and Roberto Alvarez and Xiao-Qi Zhou and Jeremy L. O{\textquotesingle}Brien},
  title = {Experimental realization of Shor{\textquotesingle}s quantum factoring algorithm using qubit recycling},
  journal = {Nature Photonics}
}

@book{oldMathGuy,
  author = "Jevons, William Stanley",
  title  = "The principles of science : a treatise on logic and scientific method",
  publisher = "London : Macmillan and Co.",
  year = "1874"
  }


@article{diffieHellman,
  doi = {10.1109/tit.1976.1055638},
  url = {https://doi.org/10.1109/tit.1976.1055638},
  year = {1976},
  month = nov,
  publisher = {Institute of Electrical and Electronics Engineers ({IEEE})},
  volume = {22},
  number = {6},
  pages = {644--654},
  author = {W. Diffie and M. Hellman},
  title = {New directions in cryptography},
  journal = {{IEEE} Transactions on Information Theory}
}